@book{bishop2006pattern,
      title={Pattern recognition and machine learning},
      author={Bishop, Christopher M.},
      year={2006},
      publisher={Springer}
      }

@book{sutton1998reinforcement,
      title={Reinforcement learning: An introduction},
      author={Sutton, Richard S. and Barto, Andrew G.},
      volume={1},
      number={1},
      year={1998},
      publisher={MIT press Cambridge}
      }


@book{rummery1994line,
      title={On-line Q-learning using connectionist systems},
      author={Rummery, Gavin A. and Niranjan, Mahesan},
      volume={37},
      year={1994},
      publisher={University of Cambridge, Department of Engineering}
      }

@article{lecun2015deep,
	 title={Deep learning},
	 author={LeCun, Yann and Bengio, Yoshua and Hinton, Geoffrey},
	 journal={Nature},
	 volume={521},
	 number={7553},
	 pages={436--444},
	 year={2015},
	 publisher={Nature Research}
	 }

@article{graves2016hybrid,
	 title={Hybrid computing using a neural network with dynamic external memory},
	 author={Graves, Alex and Wayne, Greg and Reynolds, Malcolm and Harley, Tim and Danihelka, Ivo and Grabska-Barwi{\'n}ska, Agnieszka and Colmenarejo, Sergio G{\'o}mez and Grefenstette, Edward and Ramalho, Tiago and Agapiou, John and Badia, Adri√† and Moritz Hermann, Karl and Zwols, Yori and Ostrovski, Georg and Cain, Adam and King, Helen and Summerfield, Christopher and Blunsom, Phil and Kavukcuoglu, Koray and Hassabis, Demis},
	 journal={Nature},
	 volume={538},
	 number={7626},
	 pages={471--476},
	 year={2016},
	 publisher={Nature Research}
	 }

@article{silver2016mastering,
	 title={Mastering the game of Go with deep neural networks and tree search},
	 author={Silver, David and Huang, Aja and Maddison, Chris J. and Guez, Arthur and Sifre, Laurent and van den Driessche, George and Schrittwieser, Julian and Antonoglou, Ioannis and Panneershelvam, Veda and Lanctot, Marc and Dieleman, Sander and Grewe, Dominik and Nham, John and Kalchbrenner, Nal and Sutskever, Ilya and Lillicrap, Timothy and Leach, Madeleine and Kavukcuoglu, Koray and Graepel, Thore and Hassabis, Demis},
	 journal={Nature},
	 volume={529},
	 number={7587},
	 pages={484--489},
	 year={2016},
	 publisher={Nature Research}
	 }

@article{mnih2015human,
	 title={Human-level control through deep reinforcement learning},
	 author={Mnih, Volodymyr and Kavukcuoglu, Koray and Silver, David and Rusu, Andrei A. and Veness, Joel and Bellemare, Marc G. and Graves, Alex and Riedmiller, Martin and Fidjeland, Andreas K. and Ostrovski, Georg and Petersen, Stig and Beattie, Charles and Sadik, Amir and Antonoglou, Ioannis and King, Helen and Kumaran, Dharshan and Wiestra, Dan and Legg, Shane and Hassabis, Demis},
	 journal={Nature},
	 volume={518},
	 number={7540},
	 pages={529-33},
	 year={2015},
	 publisher={Nature Research}
	 }

@article{duchi2011adaptive,
	 title={Adaptive subgradient methods for online learning and stochastic optimization},
	 author={Duchi, John and Hazan, Elad and Singer, Yoram},
	 journal={Journal of Machine Learning Research (JMLR)},
	 volume={12},
	 number={Jul},
	 pages={2121--2159},
	 year={2011}
	 }

@article{erhan2010does,
	 title={Why does unsupervised pre-training help deep learning?},
	 author={Erhan, Dumitru and Bengio, Yoshua and Courville, Aaron and Manzagol, Pierre-Antoine and Vincent, Pascal and Bengio, Samy},
	 journal={Journal of Machine Learning Research (JMLR)},
	 volume={11},
	 number={Feb},
	 pages={625--660},
	 year={2010}
	 }

@article{ernst2005tree,
	 title={Tree-based batch mode reinforcement learning},
	 author={Ernst, Damien and Geurts, Pierre and Wehenkel, Louis},
	 journal={Journal of Machine Learning Research (JMLR)},
	 volume={6},
	 number={Apr},
	 pages={503--556},
	 year={2005}
	 }

@article{bellemare2013arcade,
	 title={The Arcade Learning Environment: An evaluation platform for general agents.},
	 author={Bellemare, Marc G and Naddaf, Yavar and Veness, Joel and Bowling, Michael},
	 journal={Journal of Artificial Intelligence Research (JAIR)},
	 volume={47},
	 pages={253--279},
	 year={2013}
	 }

@article{lin1992self,
	 title={Self-improving reactive agents based on reinforcement learning, planning and teaching},
	 author={Lin, Long-H},
	 journal={Machine Learning},
	 volume={8},
	 number={3/4},
	 pages={69--97},
	 year={1992},
	 publisher={Springer}
	 }

@article{geurts2006extremely,
	 title={Extremely randomized trees},
	 author={Geurts, Pierre and Ernst, Damien and Wehenkel, Louis},
	 journal={Machine Learning},
	 volume={63},
	 number={1},
	 pages={3--42},
	 year={2006},
	 publisher={Springer}
	 }

@article{watkins1992q,
	 title={Q-learning},
	 author={Watkins, Christopher JCH and Dayan, Peter},
	 journal={Machine Learning},
	 volume={8},
	 number={3-4},
	 pages={279--292},
	 year={1992},
	 publisher={Springer}
	 }

@article{gelly2012grand,
	 title={The grand challenge of computer Go: Monte Carlo tree search and extensions},
	 author={Gelly, Sylvain and Kocsis, Levente and Schoenauer, Marc and Sebag, Michele and Silver, David and Szepesv{\'a}ri, Csaba and Teytaud, Olivier},
	 journal={Communications of the ACM},
	 volume={55},
	 number={3},
	 pages={106--113},
	 year={2012},
	 publisher={ACM}
	 }

@article{tesauro1995temporal,
	 title={Temporal difference learning and TD-Gammon},
	 author={Tesauro, Gerald},
	 journal={Communications of the ACM},
	 volume={38},
	 number={3},
	 pages={58--68},
	 year={1995}
	 }

@article{browne2012survey,
	 title={A survey of Monte Carlo tree search methods},
	 author={Browne, Cameron B. and Powley, Edward and Whitehouse, Daniel and Lucas, Simon M. and Cowling, Peter I. and Rohlfshagen, Philipp and Tavener, Stephen and Perez, Diego and Samothrakis, Spyridon and Colton, Simon},
	 journal={IEEE Transactions on Computational Intelligence and AI in games},
	 volume={4},
	 number={1},
	 pages={1--43},
	 year={2012},
	 publisher={IEEE}
	 }

@article{campbell2002deep,
	 title={Deep blue},
	 author={Campbell, Murray and Hoane, A. Joseph and Hsu, Feng-hsiung},
	 journal={Artificial Intelligence},
	 volume={134},
	 number={1-2},
	 pages={57--83},
	 year={2002},
	 publisher={Elsevier}
	 }

@article{wold1987principal,
	 title={Principal component analysis},
	 author={Wold, Svante and Esbensen, Kim and Geladi, Paul},
	 journal={Chemometrics and Intelligent Laboratory Systems},
	 volume={2},
	 number={1-3},
	 pages={37--52},
	 year={1987},
	 publisher={Elsevier}
	 }

@article{castelletti2013iter,
	 title={Tree-based iterative input variable selection for hydrological modeling},
	 author={Galelli, S. and Castelletti, A.},
	 journal={Water Resources Research},
	 volume={49},
	 number={7},
	 pages={4295--4310},
	 year={2013}
	 }

@article{simonyan2014vggnet,
	 author    = {Simonyan, Karen and Zisserman, Andrew},
	 title     = {Very deep convolutional networks for large-scale image recognition},
	 journal   = {CoRR},
	 volume    = {abs/1409.1556},
	 year      = {2014}
	 }

@article{gravesneural,
	 title={Neural turing machines},
	 author={Graves, Alex and Wayne, Greg and Danihelka, Ivo},
	 journal={arXiv preprint arXiv:1410.5401},
	 year={2014}
	 }

@article{zeiler2012adadelta,
	 title={ADADELTA: An adaptive learning rate method},
	 author={Zeiler, Matthew D.},
	 journal={arXiv preprint arXiv:1212.5701},
	 year={2012}
	 }

@article{kingma2014adam,
	 title={Adam: A method for stochastic optimization},
	 author={Kingma, Diederik and Ba, Jimmy},
	 journal={arXiv preprint arXiv:1412.6980},
	 year={2014}
	 }

@article{wu2016google,
	 title={Google's neural machine translation system: Bridging the gap between human and machine translation},
	 author={Yonghui Wu and Mike Schuster and Zhifeng Chen and Quoc V. Le and Mohammad Norouzi and Wolfgang Macherey and Maxim Krikun and Yuan Cao and Qin Gao and Klaus Macherey and Jeff Klingner and Apurva Shah and Melvin Johnson and Xiaobing Liu and Lukasz Kaiser and Stephan Gouws and Yoshikiyo Kato and Taku Kudo and Hideto Kazawa and Keith Stevens and George Kurian and Nishant Patil and Wei Wang and Cliff Young and Jason Smith and Jason Riesa and Alex Rudnick and Oriol Vinyals and Greg Corrado and Macduff Hughes and Jeffrey Dean},
	 year={2016}
	 }

@inproceedings{wang2016dueling,
	       title={Dueling network architectures for deep reinforcement learning},
	       author={Wang, Z. and Schaul, T. and Hessel, M. and van Hasselt, H. and Lanctot, M. and de Freitas, N.},
	       booktitle={International Conference on Machine Learning (ICML)},
	       year={2016}
	       }

@inproceedings{anschelaveraged,
	       title={Averaged-DQN: variance reduction and stabilization for deep reinforcement learning},
	       author={Anschel, Oron and Baram, Nir and Shimkin, Nahum},
	       booktitle={International Conference on Machine Learning (ICML)},
	       pages={176--185},
	       year={2017}
	       }

@inproceedings{higgins2017darla,
	       title={DARLA: improving zero-shot transfer in reinforcement learning},
	       author={Higgins, Irina and Pal, Arka and Rusu, Andrei and Matthey, Loic and Burgess, Christopher and Pritzel, Alexander and Botvinick, Matthew and Blundell, Charles and Lerchner, Alexander},
	       booktitle={International Conference on Machine Learning (ICML)},
	       pages={1480--1490},
	       year={2017}
	       }

@inproceedings{pritzel2017neural,
	       title = {Neural Episodic Control},
	       author = {Alexander Pritzel and Benigno Uria and Sriram Srinivasan and Adri{\`a} Puigdom{\`e}nech Badia and Oriol Vinyals and Demis Hassabis and Daan Wierstra and Charles Blundell},
	       booktitle = {International Conference on Machine Learning (ICML)},
	       year = {2017},
	       }

@inproceedings{mnih2016asynchronous,
	       title={Asynchronous methods for deep reinforcement learning},
	       author={Mnih, Volodymyr and Badia, Adria Puigdomenech and Mirza, Mehdi and Graves, Alex and Lillicrap, Timothy and Harley, Tim and Silver, David and Kavukcuoglu, Koray},
	       booktitle={International Conference on Machine Learning (ICML)},
	       pages={1928--1937},
	       year={2016}
	       }

@inproceedings{nair2010rectified,
	       title={Rectified linear units improve restricted boltzmann machines},
	       author={Nair, Vinod and Hinton, Geoffrey E},
	       booktitle={International Conference on Machine Learning (ICML)},
	       pages={807--814},
	       year={2010}
	       }

@inproceedings{krizhevsky2012imagenet,
	       title={Imagenet classification with deep convolutional neural networks},
	       author={Krizhevsky, Alex and Sutskever, Ilya and Hinton, Geoffrey E},
	       booktitle={Advances in Neural Information Processing Systems (NIPS)},
	       pages={1097--1105},
	       year={2012}
	       }

@inproceedings{osband2016deep,
	       title={Deep exploration via bootstrapped DQN},
	       author={Osband, Ian and Blundell, Charles and Pritzel, Alexander and Van Roy, Benjamin},
	       booktitle={Advances in Neural Information Processing Systems (NIPS)},
	       pages={4026--4034},
	       year={2016}
	       }

@inproceedings{munos2016safe,
	       title={Safe and efficient off-policy reinforcement learning},
	       author={Munos, R. and Stepleton, T. and Harutyunyan, A. and Bellemare, M.},
	       booktitle={Advances in Neural Information Processing Systems (NIPS)},
	       pages={1054--1062},
	       year={2016}
	       }

@inproceedings{hasselt2010double,
	       title={Double Q-learning},
	       author={Hasselt, Hado V},
	       booktitle={Advances in Neural Information Processing Systems (NIPS)},
	       pages={2613--2621},
	       year={2010}
	       }

@inproceedings{van2016deep,
	       title={Deep reinforcement learning with double Q-Learning},
	       author={Hasselt, Hado van and Guez, Arthur and Silver, David},
	       booktitle={AAAI Conference on Artificial Intelligence},
	       pages={2094--2100},
	       year={2016},
	       organization={AAAI Press}
	       }

@inproceedings{schaul2016prioritized,
	       title={Prioritized experience replay},
	       author={Schaul, T. and Quan, J. and Antonoglou, I. and Silver, D.},
	       booktitle={International Conference on Learning Representations (ICLR)},
	       year={2016}
	       }

@inproceedings{he2017learning,
	       title={Learning to play in a day: Faster deep reinforcement learning by optimality tightening},
	       author={He, F. S. and Liu, Y. and Schwing, A. G. and Peng, J.},
	       booktitle={International Conference on Learning Representations (ICLR)},
	       year={2017}
	       }

@inproceedings{kingma2014auto,
	       title={Auto-encoding variational bayes},
	       author={Kingma, D. P. and Welling, M.},
	       booktitle={International Conference on Learning Representations (ICLR)},
	       year={2014}
	       }

@inproceedings{higgins2017beta,
	       title={beta-VAE: Learning basic visual concepts with a constrained variational framework},
	       author={Higgins, Irina and Matthey, Loic and Pal, Arka and Burgess, Christopher and Glorot, Xavier and Botvinick, Matthew and Mohamed, Shakir and Lerchner, Alexander},
	       booktitle={International Conference on Learning Representations (ICLR)},
	       year={2017}
	       }

@inproceedings{lange2010deep,
	       title={Deep auto-encoder neural networks in reinforcement learning},
	       author={Lange, Sascha and Riedmiller, Martin},
	       booktitle={International Joint Conference on Neural Networks (IJCNN)},
	       pages={1--8},
	       year={2010},
	       organization={IEEE}
	       }

@inproceedings{anderson2015faster,
	       title={Faster reinforcement learning after pretraining deep networks to predict state dynamics},
	       author={Anderson, Charles W and Lee, Minwoo and Elliott, Daniel L},
	       booktitle={International Joint Conference on Neural Networks (IJCNN)},
	       pages={1--7},
	       year={2015},
	       organization={IEEE}
	       }

@inproceedings{szegedy2015going,
	       title={Going deeper with convolutions},
	       author={Szegedy, Christian and Liu, Wei and Jia, Yangqing and Sermanet, Pierre and Reed, Scott and Anguelov, Dragomir and Erhan, Dumitru and Vanhoucke, Vincent and Rabinovich, Andrew},
	       booktitle={Computer Vision and Pattern Recognition (CVPR)},
	       pages={1--9},
	       year={2015},
	       organization={IEEE}
	       }

@inproceedings{zeiler2010deconvolutional,
	       title={Deconvolutional networks},
	       author={Zeiler, Matthew D. and Krishnan, Dilip and Taylor, Graham W. and Fergus, Rob},
	       booktitle={Computer Vision and Pattern Recognition (CVPR)},
	       pages={2528--2535},
	       year={2010},
	       organization={IEEE}
	       }

@inproceedings{castelletti2011tree,
	       title={Tree-based variable selection for dimensionality reduction of large-scale control systems},
	       author={Castelletti, Andrea and Galelli, Stefano and Restelli, Marcello and Soncini-Sessa, Rodolfo},
	       booktitle={Adaptive Dynamic Programming And Reinforcement Learning (ADPRL)},
	       pages={62--69},
	       year={2011},
	       organization={IEEE}
	       }

@inproceedings{bertsekas1995neuro,
	       title={Neuro-dynamic programming: an overview},
	       author={Bertsekas, Dimitri P. and Tsitsiklis, John N.},
	       booktitle={IEEE Conference on Decision and Control},
	       volume={1},
	       pages={560--564},
	       year={1995},
	       organization={IEEE}
	       }

@inproceedings{masci2011cae,
	       title={Stacked convolutional auto-encoders for hierarchical feature extraction},
	       author="Masci, Jonathan
	       and Meier, Ueli
	       and Cire{\c{s}}an, Dan
	       and Schmidhuber, J{\"u}rgen",
	       booktitle="International Conference on Artificial Neural Networks (ICANN)",
	       pages="52--59",
	       year="2011",
	       isbn="978-3-642-21735-7",
	       doi="10.1007/978-3-642-21735-7_7",
	       url="https://doi.org/10.1007/978-3-642-21735-7_7"
	       }

@inproceedings{harutyunyan2016q,
	       title={Q($\lambda$) with off-policy corrections},
	       author={Harutyunyan, A. and Bellemare, M. G. and Stepleton, T. and Munos, R.},
	       booktitle={International Conference on Algorithmic Learning Theory},
	       pages={305--320},
	       year={2016},
	       organization={Springer}
	       }

@inproceedings{vanwavenet,
	       title={WaveNet: A generative model for raw audio},
	       author={van den Oord, A{\"a}ron and Dieleman, Sander and Zen, Heiga and Simonyan, Karen and Vinyals, Oriol and Graves, Alex and Kalchbrenner, Nal and Senior, Andrew and Kavukcuoglu, Koray},
	       booktitle={9th ISCA Speech Synthesis Workshop},
	       pages={125--125}
	       }

@online{alphago,
	title={AlphaGo's next move (deepmind.com/blog/alphagos-next-move/)},
	author={Hassabis, D. and Silver, D.},
	year={2017},
	url={https://deepmind.com/blog/alphagos-next-move/},
	urldate={21-07-2017}
	}